<?xml version="1.0" encoding="UTF-8"?><record xmlns="http://www.loc.gov/MARC21/slim" xmlns:cinclude="http://apache.org/cocoon/include/1.0" xmlns:zs="http://www.loc.gov/zing/srw/">
  <leader>00828cz  a2200169n  4500</leader>
  <controlfield tag="001">n  89103881 </controlfield>
  <controlfield tag="003">DLC</controlfield>
  <controlfield tag="005">20130313093316.0</controlfield>
  <controlfield tag="008">900124n| azannaab           |a aaa      </controlfield>
  <datafield tag="010" ind1=" " ind2=" ">
    <subfield code="a">n  89103881 </subfield>
  </datafield>
  <datafield tag="040" ind1=" " ind2=" ">
    <subfield code="a">DLC</subfield>
    <subfield code="b">eng</subfield>
    <subfield code="e">rda</subfield>
    <subfield code="c">DLC</subfield>
    <subfield code="d">DLC</subfield>
  </datafield>
  <datafield tag="046" ind1=" " ind2=" ">
    <subfield code="g">1793</subfield>
  </datafield>
  <datafield tag="100" ind1="1" ind2=" ">
    <subfield code="a">Russell, William,</subfield>
    <subfield code="d">-1793</subfield>
  </datafield>
  <datafield tag="400" ind1="1" ind2=" ">
    <subfield code="w">nnea</subfield>
    <subfield code="a">Russell, William,</subfield>
    <subfield code="d">d. 1793</subfield>
  </datafield>
  <datafield tag="667" ind1=" " ind2=" ">
    <subfield code="a">Not same as William Russell 1741-1793</subfield>
  </datafield>
  <datafield tag="670" ind1=" " ind2=" ">
    <subfield code="a">NUCMC data from Filson Club for Preston family papers-Gray collection, 1754-1899</subfield>
    <subfield code="b">(William Russell)</subfield>
  </datafield>
  <datafield tag="670" ind1=" " ind2=" ">
    <subfield code="a">Preston, T.L. Historical sketch and reminiscences of an octogenarian, 1900:</subfield>
    <subfield code="b">p. 54 (General William Russell; married Elizabeth Henry Campbell, widow of Gen. William Campbell and sister of Patrick Henry, in 1783; mem. of Va. Legis.; d. Jan. 14, 1793 at home of his son Robert L. Russell, in Culpepper County, Va.)</subfield>
  </datafield>
</record>